%% Created using Papers on Tue, 06 Mar 2018.
%% http://papersapp.com/papers/

@article{Anonymous:YQ7i3L1X,
title = {{Cognitive Mechanisms of Conceptual Modelling}},
year = {2013},
pages = {1--14},
month = jul
}

@article{weigend2006intuition,
author = {Weigend, Michael},
title = {{From intuition to programme}},
journal = {Informatics Education--The Bridge between Using and Understanding Computers},
year = {2006},
pages = {117--126}
}

@article{kolling2010greenfoot,
author = {K{\"o}lling, Michael},
title = {{The greenfoot programming environment}},
journal = {ACM Transactions on Computing Education (TOCE)},
year = {2010},
volume = {10},
number = {4},
pages = {14}
}

@article{Breitner:2016wi,
author = {Breitner, J},
title = {{Lazy Evaluation: From natural semantics to a machine-checked compiler transformation}},
year = {2016}
}

@article{mccracken2001multi,
author = {McCracken, Michael and Almstrum, Vicki and Diaz, Danny and Guzdial, Mark and Hagan, Dianne and Kolikant, Yifat Ben-David and Laxer, Cary and Thomas, Lynda and Utting, Ian and Wilusz, Tadeusz},
title = {{A multi-national, multi-institutional study of assessment of programming skills of first-year CS students}},
journal = {ACM SIGCSE Bulletin},
year = {2001},
volume = {33},
number = {4},
pages = {125--180}
}

@article{Serrano:2006ev,
author = {Serrano, Manuel and Gallesio, Erick and Loitsch, Florian},
title = {{Hop: a language for programming the web 2.0}},
journal = {OOPSLA Companion},
year = {2006},
pages = {975--985}
}

@article{Anonymous:H3YVoKGM,
title = {{FUNCTIONAL PEARL Compiling a Fifty Year Journey}},
year = {2017},
pages = {1--10},
month = jan
}

@article{Anonymous:-r03_Rll,
title = {{Optimizing Pattern Matching}},
year = {2001},
pages = {1--12},
month = jun
}

@article{Anonymous:QyFFwvhn,
title = {{Correspondence between Continuation Passing Style and Static Single Assignment Form}},
year = {2002},
pages = {1--10},
month = nov
}

@article{handlerstutorial:vP0T_CPD,
title = {{handlers-tutorial}},
year = {2015},
pages = {1--16},
month = sep
}

@book{Brady:2016va,
author = {Brady, Edwin},
title = {{Type-Driven Development with Idris MEAP V13}},
year = {2016},
month = nov
}

@incollection{Henrix:2012ga,
author = {Henrix, Jeroen and Plasmeijer, Rinus J and Achten, Peter},
title = {{GiN: A Graphical Language and Tool for Defining iTask Workflows}},
booktitle = {Informatics in Schools: Improvement of Informatics Knowledge and Perception},
year = {2012},
pages = {163--178},
publisher = {Springer Berlin Heidelberg},
address = {Berlin, Heidelberg}
}

@inproceedings{Plasmeijer:2012ee,
author = {Plasmeijer, Rinus J and Lijnse, Bas and Michels, Steffen and Achten, Peter and Koopman, Pieter W M},
title = {{Task-oriented programming in a pure functional language}},
booktitle = {Principles and Practice of Declarative Programming},
year = {2012},
pages = {195--12},
publisher = {ACM Press},
address = {New York, New York, USA}
}

@inproceedings{Anonymous:Az3ftx8U,
author = {van Groningen, John H G},
title = {{The Implementation and Efficiency of Arrays in Clean 1.1.}},
booktitle = {Implementation and Application of Functional Programming Languages},
year = {1996},
pages = {105--124},
publisher = {Springer Berlin Heidelberg},
address = {Berlin, Heidelberg}
}

@article{Anonymous:k_fnd4sj,
title = {{Cross-platform Compilers for Functional Languages}},
year = {2015},
pages = {1--20},
month = jul
}

@inproceedings{Polikarpova:2016jh,
author = {Polikarpova, Nadia and Kuraj, Ivan and Solar-Lezama, Armando},
title = {{Program synthesis from polymorphic refinement types}},
booktitle = {the 37th ACM SIGPLAN Conference},
year = {2016},
pages = {522--538},
publisher = {ACM Press},
address = {New York, New York, USA}
}

@book{kolling2010introduction,
author = {K{\"o}lling, Michael},
title = {{Introduction to Programming with Greenfoot-Object-Oriented Programming in Java with Games and Simulations}},
publisher = {Pearson Education},
year = {2010}
}

@booklet{Anonymous:3AGBNDCq,
title = {{Petri nets: an introduction}},
author = {Reisig, W},
year = {2012}
}

@article{duboulay1986some,
author = {du Boulay, Benedict},
title = {{Some difficulties of learning to program}},
journal = {Journal of Educational Computing Research},
year = {1986},
volume = {2},
number = {1},
pages = {57--73}
}

@inproceedings{ahmadzadeh2005analysis,
author = {Ahmadzadeh, Marzieh and Elliman, Dave and Higgins, Colin},
title = {{An analysis of patterns of debugging among novice computer science students}},
booktitle = {ACM SIGCSE Bulletin},
year = {2005},
pages = {84--88},
organization = {ACM}
}

@inproceedings{mciver1996seven,
author = {McIver, Linda and Conway, Damian},
title = {{Seven deadly sins of introductory programming language design}},
booktitle = {Software Engineering: Education and Practice, 1996. Proceedings. International Conference},
year = {1996},
pages = {309--316},
organization = {IEEE}
}

@article{scopedlabels:r8OuTc0p,
title = {{scopedlabels}},
year = {2005},
pages = {1--10},
month = jul
}

@article{winslow1996programming,
author = {Winslow, Leon E},
title = {{Programming pedagogy---a psychological overview}},
journal = {ACM SIGCSE Bulletin},
year = {1996},
volume = {28},
number = {3},
pages = {17--22}
}

@inproceedings{Stutterheim:2015ji,
author = {Stutterheim, Jurri{\"e}n and Achten, Peter and Plasmeijer, Rinus J},
title = {{Static and Dynamic Visualisations of Monadic Programs}},
booktitle = {Implementation and Application of Functional Programming Languages},
year = {2015},
pages = {1--12},
month = dec
}

@article{Barendregt:1989ua,
author = {Barendregt, Hendrik Pieter and van Eekelen, Marko C J D and Plasmeijer, Rinus J and Glauert, John R W and Kennaway, Richard and Sleep, M R},
title = {{LEAN - an intermediate language based on graph rewriting.}},
journal = {Parallel Computing},
year = {1989}
}

@article{Klinik:2017wy,
author = {Klinik, Markus and Hage, J and Jansen, J M and Plasmeijer, Rinus J},
title = {{Predicting resource consumption of higher-order workflows}},
year = {2017}
}

@incollection{Fournet:2002hr,
author = {Fournet, C{\'e}dric and Gonthier, Georges},
title = {{The Join Calculus: A Language for Distributed Mobile Programming}},
booktitle = {Informatics in Schools: Improvement of Informatics Knowledge and Perception},
year = {2002},
pages = {268--332},
publisher = {Springer Berlin Heidelberg},
address = {Berlin, Heidelberg},
month = sep
}

@article{Anonymous:2016gm,
title = {{iSnap: Towards Intelligent Tutoring in Novice Programming Environments}},
year = {2016},
pages = {1--6},
month = nov
}

@article{Buscemi:2001to,
author = {Buscemi, M G and Sassone, V},
title = {{High-level petri nets as type theories in the join calculus}},
journal = {{\ldots} on Foundations of Software Science and {\ldots}},
year = {2001}
}

@article{RT:ETtpmmhS,
title = {{RT-0117}},
year = {2017},
month = sep
}

@article{hristova2003identifying,
author = {Hristova, Maria and Misra, Ananya and Rutter, Megan and Mercuri, Rebecca},
title = {{Identifying and correcting Java programming errors for introductory computer science students}},
journal = {ACM SIGCSE Bulletin},
year = {2003},
volume = {35},
number = {1},
pages = {153--156}
}

@article{simplefrp:2013iv,
title = {{simple-frp}},
year = {2013},
pages = {1--12},
month = jul
}

@article{Plasmeijer:2012wn,
author = {Plasmeijer, Rinus J and Lijnse, Bas and Michels, Steffen and Achten, Peter and Koopman, Pieter W M},
title = {{Task-oriented programming in a pure functional language.}},
journal = {PPDP},
year = {2012}
}

@article{Tenenbaum:2011hd,
author = {Tenenbaum, J B and Kemp, C and Griffiths, T L and Goodman, N D},
title = {{How to Grow a Mind: Statistics, Structure, and Abstraction}},
journal = {Science},
year = {2011},
volume = {331},
number = {6022},
pages = {1279--1285},
month = mar
}

@book{Pierce:2002tp,
author = {Pierce, B C},
title = {{Types and programming languages}},
year = {2002}
}

@article{Anonymous:ZsIV9Zei,
title = {{Epic {\textemdash} A Library for Generating Compilers}},
year = {2011},
pages = {1--16},
month = sep
}

@article{camlinstructions:4VrbSaeY,
title = {{caml-instructions}},
year = {2010},
pages = {1--51},
month = feb
}

@webpage{Visser:mEmQTmvo,
author = {Visser, Sebastiaan},
title = {{Towards a better Haskell package}},
url = {http://fvisser.nl/post/2013/may/28/towards-a-better-haskell-package.html}
}

@inproceedings{lahtinen2005study,
author = {Lahtinen, Essi and Ala-Mutka, Kirsti and J{\"a}rvinen, Hannu-Matti},
title = {{A study of the difficulties of novice programmers}},
booktitle = {ACM SIGCSE Bulletin},
year = {2005},
pages = {14--18},
organization = {ACM}
}

@article{Anonymous:WUgfbNTQ,
title = {{An extensible domain-specific language for describing problem-solving procedures}},
year = {2016},
pages = {1--10},
month = mar
}

@article{Domoszlai:2012wi,
author = {Domoszlai, L{\'a}szl{\'o} and Plasmeijer, Rinus J},
title = {{Compiling Haskell to JavaScript through Clean's core}},
journal = {Selected papers of 9th Joint Conference {\ldots}},
year = {2012}
}

@inproceedings{PeytonJones:1993gz,
author = {Peyton Jones, Simon L and Wadler, Philip},
title = {{Imperative functional programming}},
booktitle = {the 20th ACM SIGPLAN-SIGACT symposium},
year = {1993},
pages = {71--84},
publisher = {ACM Press},
address = {New York, New York, USA}
}

@article{zamkazam:N2jIS4pB,
title = {{zam-kazam05}},
year = {2005},
pages = {1--47},
month = may
}

@article{Jones:1993ut,
author = {Jones, SLP and Hall, C and Hammond, K and Partain, W and Wadler, Philip},
title = {{The Glasgow Haskell compiler: a technical overview}},
journal = {Proc UK Joint {\ldots}},
year = {1993}
}

@article{Anonymous:eR8j0xNR,
title = {{Computational Thinking: A Digital Age}},
year = {2011},
pages = {1--4},
month = feb
}

@inproceedings{Denuziere:2013gl,
author = {Denuzi{\`e}re, Lo{\"\i}c and Rodriguez, Ernesto and Granicz, Adam},
title = {{Piglets to the rescue: Declarative User Interface Specification with Pluggable View Models.}},
booktitle = {Implementation and Application of Functional Programming Languages},
year = {2013},
pages = {105--115},
publisher = {ACM Press},
address = {New York, New York, USA}
}

@incollection{Wakeling:1991fb,
author = {Wakeling, David and Runciman, Colin},
title = {{Linearity and laziness}},
booktitle = {Functional Programming Languages and Computer Architecture},
year = {1991},
pages = {215--240},
publisher = {Springer Berlin Heidelberg},
address = {Berlin, Heidelberg},
month = aug
}

@article{Hoare:1973wr,
author = {Hoare, C A},
title = {{Hints on Programming Language Design}},
year = {1973},
month = dec
}

@book{Pankratius:2005ug,
author = {Pankratius, Victor and Stucky, Wolffried},
title = {{A formal foundation for workflow composition, workflow view definition, and workflow normalization based on petri nets}},
publisher = {Australian Computer Society, Inc.},
year = {2005},
month = jan
}

@article{perkins1986conditions,
author = {Perkins, David N and Hancock, Chris and Hobbs, Renee and Martin, Fay and Simmons, Rebecca},
title = {{Conditions of learning in novice programmers}},
journal = {Journal of Educational Computing Research},
year = {1986},
volume = {2},
number = {1},
pages = {37--55}
}

@article{Anonymous:iMpd8PTB,
title = {{Understanding and Modeling Business Processes with DEMO}},
year = {2000},
pages = {1--15},
month = jan
}

@article{Anonymous:9tvTLLdN,
title = {{WebAssembly Specification}},
year = {2017},
pages = {1--165},
month = dec
}

@inproceedings{deVries:2006ih,
author = {de Vries, Edsko and Plasmeijer, Rinus J and Abrahamson, David M},
title = {{Uniqueness Typing Redefined.}},
booktitle = {Implementation and Application of Functional Programming Languages},
year = {2006},
pages = {181--198},
publisher = {Springer Berlin Heidelberg},
address = {Berlin, Heidelberg}
}

@inproceedings{perkins1986fragile,
author = {Perkins, D N and Martin, Fay},
title = {{Fragile knowledge and neglected strategies in novice programmers}},
booktitle = {first workshop on empirical studies of programmers on Empirical studies of programmers},
year = {1986},
pages = {213--229}
}

@article{Lindley:2011dr,
author = {Lindley, Sam and Wadler, Philip and Yallop, Jeremy},
title = {{Idioms are Oblivious, Arrows are Meticulous, Monads are Promiscuous.}},
journal = {Electr. Notes Theor. Comput. Sci. ()},
year = {2011},
volume = {229},
number = {5},
pages = {97--117}
}

@article{Anonymous:v88bEDsw,
title = {{The Implementation of Functional Languages on}},
year = {1998},
pages = {1--205},
month = oct
}

@article{Swierstra:2008ii,
author = {Swierstra, S Doaitse},
title = {{Combinator Parsing: A Short Tutorial.}},
journal = {LerNet ALFA Summer School},
year = {2008},
volume = {5520},
number = {Chapter 6},
pages = {252--300}
}

@techreport{Plasmeijer:2011vg,
author = {Plasmeijer, Rinus J and van Eekelen, Marko C J D and van Groningen, John H G},
title = {{Clean Language Report}},
institution = {Radboud University},
year = {2011},
address = {Nijmegen},
month = dec
}

@article{Anonymous:vhQXTrvY,
title = {{Learning and Teaching Programming: A Review and Discussion}},
year = {2003},
pages = {1--36},
month = apr
}

@article{ParejaFlores:2007kl,
author = {Pareja-Flores, Crist{\'o}bal and Urquiza-Fuentes, Jamie and Vel{\'a}zquez-Iturbide, J {\'A}ngel},
title = {{WinHIPE}},
journal = {ACM SIGPLAN Notices},
year = {2007},
volume = {42},
number = {3},
pages = {14--23},
month = mar,
annote = {Dit voegt alleen iets toe voor CS studenten!}
}

@incollection{Odersky:2002jl,
author = {Odersky, Martin},
title = {{An Introduction to Functional Nets}},
booktitle = {Applied Semantics},
year = {2002},
pages = {333--377},
publisher = {Springer, Berlin, Heidelberg},
address = {Berlin, Heidelberg}
}

@article{Journals:2013gj,
author = {Journals, Cambridge},
title = {{Idris, a general-purpose dependently typed programming language: Design and implementation}},
journal = {dx.doi.org},
year = {2013},
volume = {23},
number = {05},
pages = {1--42},
month = oct
}

@article{visser1990more,
author = {Visser, Willemien},
title = {{More or less following a plan during design: opportunistic deviations in specification}},
journal = {International Journal of Man-Machine Studies},
year = {1990},
volume = {33},
number = {3},
pages = {247--278}
}

@article{Anonymous:rWqTWlWl,
title = {{TYPE-DRIVEN DEVELOPMENT OF CONCURRENT COMMUNICATING SYSTEMS}},
year = {2015},
pages = {1--21},
month = feb
}

@article{Anonymous:hOtcVAYm,
title = {{IS ABSTRACTION THE KEY TO COMPUTING?}},
year = {2007},
pages = {1--6},
month = mar
}

@inproceedings{Wadler:1992cl,
author = {Wadler, Philip},
title = {{The essence of functional programming}},
booktitle = {the 19th ACM SIGPLAN-SIGACT symposium},
year = {1992},
pages = {1--14},
publisher = {ACM Press},
address = {New York, New York, USA}
}

@book{Anonymous:2016tz,
title = {{Informatics in Schools: Improvement of Informatics Knowledge and Perception: 9th International Conference on Informatics in Schools: Situation, Evolution, and Perspectives, ISSEP 2016, M{\"u}nster, Germany, October 13-15, 2016, Proceedings}},
publisher = {Springer International Publishing},
year = {2016},
address = {Cham}
}

@article{Heeren:2014ek,
author = {Heeren, Bastiaan and Jeuring, Johan},
title = {{Feedback services for stepwise exercises}},
journal = {Science of Computer Programming},
year = {2014},
volume = {88},
number = {C},
pages = {110--129},
month = aug
}

@inproceedings{holland1997avoiding,
author = {Holland, Simon and Griffiths, Robert and Woodman, Mark},
title = {{Avoiding object misconceptions}},
booktitle = {ACM SIGCSE Bulletin},
year = {1997},
pages = {131--134},
organization = {ACM}
}

@article{Anonymous:uttsOrkM,
title = {{Better Feedback for Incorrect Programs by Using Contracts}},
year = {2016},
pages = {1--40},
month = aug
}

@article{Anonymous:5YAVNyMH,
title = {{Building a generic feedback system for rule-based problems}},
year = {2017},
pages = {1--21},
month = jan
}

@techreport{Anonymous:r-pysk2l,
author = {Asperti, A and Busi, N},
title = {{Mobile Petri Nets}},
institution = {University of Bologna},
year = {1996},
number = {UBLCS-96-10},
month = may
}

@book{Spivak:2013wm,
author = {Spivak, David I},
title = {{Category Theory for Scientists}},
year = {2013},
address = {MIT},
edition = {Old Version},
month = sep
}

@inproceedings{Granicz:2009kb,
author = {Granicz, Adam},
title = {{Rapid Prototyping of DSLs with F{\#}.}},
booktitle = {Central European Functional Programming Summer School},
year = {2009},
pages = {1--18},
publisher = {Springer Berlin Heidelberg},
address = {Berlin, Heidelberg}
}

@article{ormerod1990human,
author = {Ormerod, Tom},
title = {{Human cognition and programming}},
journal = {Hoc et al},
year = {1990},
volume = {307},
pages = {63--82}
}

@article{green1990programming,
author = {Green, TRG},
title = {{Programming languages as information structures}},
journal = {Hoc et al},
year = {1990},
volume = {307},
pages = {117--137}
}

@article{Anonymous:qTk3LMOj,
title = {{Abstract Reasoning in Collaborative Modeling}},
year = {2011},
pages = {1--10},
month = sep
}

@article{vanHORN:2012id,
author = {van HORN, DAVID and MIGHT, MATTHEW},
title = {{Systematic abstraction of abstract machines}},
journal = {Journal of Functional Programming},
year = {2012},
volume = {22},
number = {4-5},
pages = {705--746},
month = sep
}

@article{Anonymous:2017jp,
title = {{Energy E ciency across Programming Languages}},
year = {2017},
pages = {1--12},
month = sep
}

@article{Gerdes:2016gd,
author = {Gerdes, Alex and Heeren, Bastiaan and Jeuring, Johan and van Binsbergen, L Thomas},
title = {{Ask-Elle: an Adaptable Programming Tutor for Haskell Giving Automated Feedback}},
journal = {International Journal of Artificial Intelligence in Education},
year = {2016},
pages = {1--36},
month = feb
}

@article{Wand:1991iy,
author = {Wand, Mitchell},
title = {{Type inference for record concatenation and multiple inheritance}},
journal = {Information and Computation},
year = {1991},
volume = {93},
number = {1},
pages = {1--15},
month = jul
}

@article{Anonymous:VoCLoNZr,
title = {{Zipper-based Attribute Grammars and their Extensions}},
year = {2013},
pages = {1--15},
month = jul
}

@article{Grasha:1994wx,
author = {Grasha, A F},
title = {{A matter of style: The teacher as expert, formal authority, personal model, facilitator, and delegator}},
journal = {College teaching},
year = {1994}
}

@article{davies1993models,
author = {Davies, Simon P},
title = {{Models and theories of programming strategy}},
journal = {International Journal of Man-Machine Studies},
year = {1993},
volume = {39},
number = {2},
pages = {237--267}
}

@article{Anonymous:2016bz,
title = {{Memoized Zipper-Based Attribute Grammars}},
year = {2016},
pages = {1--16},
month = aug
}

@incollection{Barendsen2016,
author = {Barendsen, Erik and Steenvoorden, Tim},
title = {{Analyzing Conceptual Content of International Informatics Curricula for Secondary Education}},
booktitle = {Informatics in Schools: Improvement of Informatics Knowledge and Perception: 9th International Conference on Informatics in Schools: Situation, Evolution, and Perspectives, ISSEP 2016, M{\"u}nster, Germany, October 13-15, 2016, Proceedings},
year = {2016},
editor = {Brodnik, Andrej and Tort, Fran{\c c}oise},
pages = {14--27},
publisher = {Springer International Publishing},
address = {Cham}
}

@article{Anonymous:lQpRQz65,
title = {{Een Deductieve Semantiek voor iTasks}},
year = {2016},
pages = {1--56},
month = aug
}

@inproceedings{Stutterheim:2017wq,
author = {Stutterheim, Jurri{\"e}n and Achten, Peter and Plasmeijer, Rinus J},
title = {{Maintaining Separation of Concerns Through Task Oriented Software Development}},
booktitle = {Trends in Functional Programming},
year = {2017},
pages = {1--20},
month = nov
}

@article{Anonymous:YImrkovV,
title = {{Practical Reflection and Metaprogramming for Dependent Types}},
year = {2016},
pages = {1--182},
month = jun
}

@article{liujie:2017vt,
author = {{liujie}},
title = {{592_1.tif}},
year = {2017},
pages = {1--26},
month = jan
}

@inproceedings{Bjornson:2010jz,
author = {Bjornson, Joel and Tayanovskyy, Anton and Granicz, Adam},
title = {{Composing Reactive GUIs in F{\#} Using WebSharper.}},
booktitle = {Implementation and Application of Functional Programming Languages},
year = {2010},
pages = {203--216},
publisher = {Springer Berlin Heidelberg},
address = {Berlin, Heidelberg}
}

@article{Anonymous:3g6IPVVE,
title = {{Elaborator Reflection: Extending Idris in Idris}},
year = {2016},
pages = {1--14},
month = jul
}

@inproceedings{Frankle:2016dd,
author = {Frankle, Jonathan and Osera, Peter-Michael and Walker, David and Zdancewic, Steve},
title = {{Example-directed synthesis: a type-theoretic interpretation}},
booktitle = {the 43rd Annual ACM SIGPLAN-SIGACT Symposium},
year = {2016},
pages = {802--815},
publisher = {ACM Press},
address = {New York, New York, USA}
}

@article{DeVries:vz,
author = {De Vries, E and Plasmeijer, Rinus J and IFL, DM Abrahamson and {2007}},
title = {{Uniqueness Typing Simplified.}},
journal = {Springer
}
}

@article{Anonymous:46LAoU90,
title = {{Untitled}},
year = {2016},
pages = {1--19},
month = jul
}

@inproceedings{fincher1999we,
author = {Fincher, Sally},
title = {{What are we doing when we teach programming?}},
booktitle = {Frontiers in Education Conference, 1999. FIE'99. 29th Annual},
year = {1999},
pages = {12A4--1},
organization = {IEEE}
}

@article{govender2008pre,
author = {Govender, Irene and Grayson, Diane J},
title = {{Pre-service and in-service teachers' experiences of learning to program in an object-oriented language}},
journal = {Computers \{\&} Education},
year = {2008},
volume = {51},
number = {2},
pages = {874--885}
}

@article{Hoare:1978uz,
author = {Hoare, CAR},
title = {{Host Needed}},
year = {1978}
}

@article{Weirich:ew,
author = {Weirich, S and Hsu, J and Eisenberg, R A},
title = {{System FC with Explicit Kind Equality (Extended Version)}},
journal = {seas.upenn.edu
}
}

@book{Fournet:1996dy,
author = {Fournet, C{\'e}dric and Gonthier, Georges},
title = {{The reflexive CHAM and the join-calculus}},
publisher = {ACM},
year = {1996},
address = {New York, New York, USA},
month = jan
}

@article{Heeren:2010dn,
author = {Heeren, Bastiaan and Jeuring, Johan and Gerdes, Alex},
title = {{Specifying Rewrite Strategies for Interactive Exercises}},
journal = {Mathematics in Computer Science},
year = {2010},
volume = {3},
number = {3},
pages = {349--370},
month = mar
}

@book{McKinna:2006cs,
author = {McKinna, James and McKinna, James},
title = {{Why dependent types matter}},
publisher = {ACM},
year = {2006},
volume = {41},
month = jan
}

@article{VanderAalst:2003uf,
author = {Van der Aalst, WMP},
title = {{Challenges in Business Process Management: Verification of business processes using Petri nets}},
journal = {Bulletin of the EATCS},
year = {2003},
volume = {80},
pages = {174--198}
}

@manual{Turner:1976vi,
title = {{SASL Language Manual}},
author = {Turner, D A},
organization = {University of St. Andrews},
year = {1976}
}

@incollection{Barendsen:2016ia,
author = {Barendsen, Erik and Steenvoorden, Tim},
title = {{Analyzing Conceptual Content of International Informatics Curricula for Secondary Education}},
booktitle = {Informatics in Schools: Improvement of Informatics Knowledge and Perception},
year = {2016},
pages = {14--27},
publisher = {Springer International Publishing},
address = {Cham},
month = sep
}

@book{Anonymous:4rQmZDpl,
title = {{Functional Programming Languages and Computer Architecture}},
publisher = {Springer Berlin Heidelberg}
}

@inproceedings{Domoszlai:2014fq,
author = {Domoszlai, L{\'a}szl{\'o} and Lijnse, Bas and Plasmeijer, Rinus J},
title = {{Editlets: type-based, client-side editors for iTasks}},
booktitle = {Implementation and Application of Functional Programming Languages},
year = {2014},
pages = {1--13},
publisher = {ACM Press},
address = {New York, NY, USA}
}

@article{dlsmarretalcro:2016hk,
title = {{dls16-marr-et-al-cross-language-compiler-benchmarking-are-we-fast-yet}},
year = {2016},
pages = {1--12},
month = aug
}

@inproceedings{Stutterheim:2014va,
author = {Stutterheim, Jurri{\"e}n and Plasmeijer, Rinus J and Achten, Peter},
title = {{Tonic: An Infrastructure to Graphically Represent the Definition and Behaviour of Tasks}},
booktitle = {Trends in Functional Programming},
year = {2014},
pages = {1--20},
month = oct
}

@article{Anonymous:RWsqdgzP,
title = {{The Power of Pi}},
year = {2008},
pages = {1--12},
month = jul
}

@phdthesis{Smetsers:1993ta,
author = {Smetsers, Sjaak},
title = {{Graph Rewriting and Functional Languages}},
year = {1993},
address = {Nijmegen},
month = feb
}

@article{Anonymous:i8wPdQAb,
title = {{The Glasgow Haskell Compiler}},
year = {2012},
pages = {1--29},
month = mar
}

@article{Anonymous:kp7Btokt,
title = {{Functional Swift (12-2016)}},
year = {2016},
pages = {1--194},
month = dec
}

@inproceedings{Michels:2010kf,
author = {Michels, Steffen and Plasmeijer, Rinus J and Achten, Peter},
title = {{iTask as a New Paradigm for Building GUI Applications.}},
booktitle = {Implementation and Application of Functional Programming Languages},
year = {2010},
pages = {153--168},
publisher = {Springer Berlin Heidelberg},
address = {Berlin, Heidelberg}
}

@inproceedings{helminen2013recording,
author = {Helminen, Juha and Ihantola, Petri and Karavirta, Ville},
title = {{Recording and analyzing in-browser programming sessions}},
booktitle = {Proceedings of the 13th Koli Calling International Conference on Computing Education Research},
year = {2013},
pages = {13--22},
organization = {ACM}
}

@article{VanderAalst:2003tg,
author = {Van der Aalst, WMP and Ter Hofstede, AHM},
title = {{Workflow patterns}},
journal = {Distributed and parallel {\ldots}},
year = {2003}
}

@article{Anonymous:dCzBrW9n,
title = {{The Essence of Compiling with Continuations}},
year = {2004},
pages = {1--13},
month = may
}

@article{Hudak:1989cu,
author = {Hudak, Paul},
title = {{Conception, evolution, and application of functional programming languages}},
journal = {ACM Computing Surveys},
year = {1989},
volume = {21},
number = {3},
pages = {359--411},
month = sep
}

@inproceedings{thomasson2006identifying,
author = {Thomasson, Benjy and Ratcliffe, Mark and Thomas, Lynda},
title = {{Identifying novice difficulties in object oriented design}},
booktitle = {ACM SIGCSE Bulletin},
year = {2006},
pages = {28--32},
organization = {ACM}
}

@book{Diehl:2016vo,
author = {Diehl, Stephen},
title = {{What I Wish I Knew When Learning Haskell}},
year = {2016},
month = mar
}

@article{davies1994knowledge,
author = {Davies, Simon P},
title = {{Knowledge restructuring and the acquisition of programming expertise}},
journal = {International Journal of Human-Computer Studies},
year = {1994},
volume = {40},
number = {4},
pages = {703--726}
}

@article{bishop1995cognitive,
author = {Bishop-Clark, Catherine},
title = {{Cognitive style, personality, and computer programming}},
journal = {Computers in Human Behavior},
year = {1995},
volume = {11},
number = {2},
pages = {241--260}
}

@article{Plasmeijer:2011tq,
author = {Plasmeijer, Rinus J and Achten, Peter and Koopman, Pieter W M and Lijnse, Bas and van Noort, Thomas and van Groningen, John H G},
title = {{iTasks for a change - type-safe run-time change in dynamically evolving workflows.}},
journal = {PEPM},
year = {2011}
}

@article{e:2007uj,
author = {000e, 376 377 000b 000m 000d 000u 000a 000r 000t},
title = {{Learning to program - difficulties and solutions}},
year = {2007},
pages = {1--6},
month = jun
}

@article{Anonymous:Q45Fhoew,
title = {{Exploring Intuitive Modelling Behaviour}},
year = {2010},
pages = {1--13},
month = mar
}

@article{stefik2013empirical,
author = {Stefik, Andreas and Siebert, Susanna},
title = {{An empirical investigation into programming language syntax}},
journal = {ACM Transactions on Computing Education (TOCE)},
year = {2013},
volume = {13},
number = {4},
pages = {19}
}

@inproceedings{Weirich:2013du,
author = {Weirich, Stephanie and Hsu, Justin and Eisenberg, Richard A},
title = {{System FC with explicit kind equality}},
booktitle = {International Conference on Functional Programming},
year = {2013},
publisher = {~ACM  Request Permissions},
month = sep
}

@inproceedings{Kilpatrick:2014hi,
author = {Kilpatrick, Scott and Dreyer, Derek and Peyton Jones, Simon and Marlow, Simon},
title = {{Backpack}},
booktitle = {the 41st ACM SIGPLAN-SIGACT Symposium},
year = {2014},
pages = {19--31},
publisher = {ACM Press},
address = {New York, New York, USA}
}

@inproceedings{Jansen:2016ff,
author = {Jansen, Jan Martin and van Groningen, John H G},
title = {{A Portable VM-based implementation Platform for non-strict Functional Programming Languages}},
booktitle = {28th Symposium on the Implementation and Application of Functional Programming Languages},
year = {2016},
pages = {1--14},
publisher = {ACM Press},
address = {Leuven, Belgium}
}

@article{principlesofprogra:3ZaeeRXR,
title = {{principles-of-programming-languages-notes}},
year = {2012},
pages = {1--26},
month = feb
}

@article{Mitchell:2012bf,
author = {Mitchell, Neil},
title = {{Shake before building: replacing make with haskell.}},
journal = {ICFP},
year = {2012},
pages = {55--66}
}

@inproceedings{Barendsen:2015gj,
author = {Barendsen, Erik and Mannila, Linda and Demo, Barbara and Grgurina, Nata{\v s}a and Izu, Cruz and Mirolo, Claudio and Sentance, Sue and Settle, Amber and Stupurien{\.{e}}, Gabriel{\.{e}}},
title = {{Concepts in K-9 Computer Science Education}},
booktitle = {the 2015 ITiCSE},
year = {2015},
pages = {85--116},
publisher = {ACM Press},
address = {New York, New York, USA}
}

@inproceedings{sekiya2013tracing,
author = {Sekiya, Takayuki and Yamaguchi, Kazunori},
title = {{Tracing quiz set to identify novices' programming misconceptions}},
booktitle = {Proceedings of the 13th Koli Calling International Conference on Computing Education Research},
year = {2013},
pages = {87--95},
organization = {ACM}
}

@article{Anonymous:JMNsiSI8,
title = {{On the Bright Side of Type Classes: Instance Arguments in Agda}},
year = {2011},
pages = {1--13},
month = jun
}

@phdthesis{Roeven:2016ui,
author = {Roeven, Daniel},
title = {{Snap-to-Style}},
year = {2016},
month = jan
}

@article{Anonymous:Zutwwykn,
title = {{The Architecture of the Utrecht Haskell Compiler}},
year = {2009},
pages = {1--12},
month = aug
}

@article{hattie2007power,
author = {Hattie, John and Timperley, Helen},
title = {{The power of feedback}},
journal = {Review of educational research},
year = {2007},
volume = {77},
number = {1},
pages = {81--112}
}

@book{Syme:2012vz,
author = {Syme, Don and Granicz, Adam and Cisternino, Antonio},
title = {{Expert F{\#} 3.0}},
year = {2012},
month = nov
}

@incollection{Fournet:1997kh,
author = {Fournet, C{\'e}dric and Maranget, Luc and Laneve, Cosimo and R{\'e}my, Didier},
title = {{Implicit typing {\`a} la ML for the join-calculus}},
booktitle = {CONCUR '97: Concurrency Theory},
year = {1997},
pages = {196--212},
publisher = {Springer, Berlin, Heidelberg},
address = {Berlin, Heidelberg},
month = jul
}

@article{Koopman:1995ex,
author = {Koopman, Pieter W M and van Eekelen, Marko C J D},
title = {{Operational machine specification in a functional programming language}},
journal = {Softw},
year = {1995}
}

@article{Koopman:2010us,
author = {Koopman, P and Plasmeijer, Rinus J and Achten, Peter},
title = {{An effective methodology for defining consistent semantics of complex systems}},
journal = {Central European Functional {\ldots}},
year = {2010}
}

@article{Author:2009wd,
author = {{Author}},
title = {{An iTask Case Study: A Conference Management System}},
year = {2009},
pages = {1--24},
month = sep
}

@article{Hudak:2007gv,
author = {Hudak, Paul and Hughes, John and Peyton Jones, Simon L and Wadler, Philip},
title = {{A history of Haskell: being lazy with class}},
journal = {HOPL},
year = {2007},
pages = {1--55}
}

@article{Achten:2014dp,
author = {Achten, Peter and Stutterheim, Jurri{\"e}n and Domoszlai, L{\'a}szl{\'o} and Plasmeijer, Rinus J},
title = {{Task Oriented Programming with Purely Compositional Interactive Scalable Vector Graphics.}},
journal = {IFL},
year = {2014},
pages = {1--13}
}

@article{Anonymous:cODwfcrm,
title = {{FUNCTIONAL PEARL Applicative programming with effects}},
year = {2005},
pages = {1--12},
month = nov
}

@article{VanderAalst:2005tu,
author = {Van der Aalst, WMP},
title = {{Pi calculus versus Petri nets}},
journal = {BPTrends},
year = {2005},
volume = {3},
number = {5},
pages = {1--11},
month = may
}

@techreport{Achten:2011uaa,
author = {Achten, Peter},
title = {{A Concise Guide to Clean StdEnv}},
year = {2011},
month = aug
}

@article{Krathwohl:2002kb,
author = {Krathwohl, D R},
title = {{A revision of Bloom's taxonomy: An overview}},
journal = {Theory into practice},
year = {2002},
volume = {41},
number = {4},
pages = {212--218}
}

@article{Achten:2013wb,
author = {Achten, Peter and Koopman, Pieter},
title = {{The Beauty of Functional Code}},
year = {2013}
}

@article{Anonymous:GP4xLL0o,
title = {{Infusing Computational Thinking into the Middle- and High-School Curriculum}},
year = {2012},
pages = {1--6},
month = apr
}

@article{Asperti:2009cf,
author = {Asperti, A and Busi, N},
title = {{Mobile Petri nets}},
journal = {Mathematical Structures in Computer Science},
year = {2009},
volume = {19},
number = {06},
pages = {1265--1278},
month = dec
}

@book{Anonymous:ka50YBsn,
title = {{Petri nets: central models and their properties}},
publisher = {Springer}
}

@article{Brus:2015vo,
author = {Brus, T H and van Eekelen, MCJD and van Leer, M O},
title = {{Clean{\textemdash}a language for functional graph rewriting}},
journal = {Conference on {\ldots}},
year = {1987}
}

@article{Odersky:2004vm,
author = {Odersky, M and Altherr, P and Cremet, V and Emir, B and Maneth, S},
title = {{An overview of the Scala programming language}},
year = {2004}
}

@article{rogalski1990acquisition,
author = {Rogalski, Janine and Samur{\c c}ay, Renan},
title = {{Acquisition of programming knowledge and skills}},
journal = {Psychology of programming},
year = {1990},
volume = {18},
pages = {157--174}
}

@article{Anonymous:4ZOLgjeb,
title = {{Elementary Strong Functional Programming}},
year = {2008},
pages = {1--14},
month = may
}

@article{Odersky:1999uo,
author = {Odersky, M and Zenger, M and Chen, G and Zenger, C},
title = {{A functional view of join}},
year = {1999}
}

@inproceedings{pillay2009study,
author = {Pillay, Nelishia},
title = {{A study of object-oriented design errors made by novice programmers}},
booktitle = {Proceedings of the 2009 Annual Conference of the Southern African Computer Lecturers' Association},
year = {2009},
pages = {101--104},
organization = {ACM}
}

@article{Turner:1979jm,
author = {Turner, D A},
title = {{A New Implementation Technique for Applicative Languages.}},
journal = {Software Practice and Experience},
year = {1979},
volume = {9},
number = {1},
pages = {31--49}
}

@article{Tayanovskyy:2014wu,
author = {Tayanovskyy, Anton and Fowler, S and Denuzi{\`e}re, Lo{\"\i}c and Granicz, Adam},
title = {{Reactive Web Applications with Dynamic Dataflow in F{\#}}},
year = {2014}
}

@inproceedings{Ruf:2014gi,
author = {Ruf, Alexander and M{\"u}hling, Andreas and Hubwieser, Peter},
title = {{Scratch vs. Karel}},
booktitle = {Workshop in Primary and Secondary Computing Education},
year = {2014},
pages = {50--59},
publisher = {ACM Press},
address = {New York, New York, USA}
}

@article{Anonymous:2009ey,
title = {{Attribute Grammars Fly First-Class How to do Aspect Oriented Programming in Haskell}},
year = {2009},
pages = {1--13},
month = jun
}

@article{Anonymous:CtXmwuIB,
title = {{Branch Prediction and the Performance of Interpreters - Don{\textquoteright}t Trust Folklore}},
year = {2015},
pages = {1--27},
month = jul
}

@book{anderson2005taxonomy,
author = {Anderson, Lorin W and Krathwohl, David R and Bloom, Benjamin Samuel},
title = {{A taxonomy for learning, teaching, and assessing: a revision of Bloom's taxonomy of educational objectives}},
publisher = {Longman},
year = {2005}
}

@article{Li:2005fu,
author = {Li, Huiqing and Thompson, Simon and Reinke, Claus},
title = {{The Haskell Refactorer, HaRe, and its API}},
journal = {Electronic Notes in Theoretical Computer Science},
year = {2005},
volume = {141},
number = {4},
pages = {29--34},
month = dec
}

@article{Anonymous:sa5DEjRP,
title = {{DEMO: Towards a discipline of organisation engineering}},
year = {2000},
pages = {1--13},
month = nov
}

@techreport{Anonymous:bUSAyGP4,
title = {{Introductie tot}},
year = {2004},
month = dec
}

@article{wiedenbeck1999comparison,
author = {Wiedenbeck, Susan and Ramalingam, Vennila and Sarasamma, Suseela and Corritore, CynthiaL},
title = {{A comparison of the comprehension of object-oriented and procedural programs by novice programmers}},
journal = {Interacting with Computers},
year = {1999},
volume = {11},
number = {3},
pages = {255--282}
}

@inproceedings{Achten:2016ew,
author = {Achten, Peter and Stutterheim, Jurri{\"e}n and Lijnse, Bas and Plasmeijer, Rinus J},
title = {{Towards the Layout of Things}},
booktitle = {the 28th Symposium},
year = {2016},
pages = {1--13},
publisher = {ACM Press},
address = {New York, New York, USA}
}

@article{pillay2006analysis,
author = {Pillay, Nelishia and Jugoo, Vikash},
title = {{An Analysis of the Errors Made by Novice Programmers in a First Course in Procedural Programming in Java}},
journal = {Preface of the Editors},
year = {2006},
pages = {84}
}

@article{Anonymous:c2tlgtzZ,
title = {{wadler}},
year = {2016},
pages = {1--13},
month = dec
}

@article{Barendregt:1987eb,
author = {Barendregt, Hendrik Pieter and van Eekelen, Marko C J D and Glauert, John R W and Kennaway, Richard and Plasmeijer, Rinus J and Sleep, M R},
title = {{Towards an Intermediate Language based on Graph Rewriting.}},
journal = {PARLE},
year = {1987},
volume = {259},
number = {Chapter 9},
pages = {159--175}
}

@article{Olmer:2014fd,
author = {Olmer, Tim and Heeren, Bastiaan and Jeuring, Johan},
title = {{Evaluating Haskell expressions in a tutoring environment}},
journal = {Electronic Proceedings in Theoretical Computer Science},
year = {2014},
volume = {170},
pages = {50--66},
month = dec
}

@article{corritore1991novices,
author = {Corritore, Cynthia L and Wiedenbeck, Susan},
title = {{What do novices learn during program comprehension?}},
journal = {International Journal of Human-Computer Interaction},
year = {1991},
volume = {3},
number = {2},
pages = {199--222}
}

@inproceedings{ihantola2013study,
author = {Ihantola, Petri and Helminen, Juha and Karavirta, Ville},
title = {{How to study programming on mobile touch devices: interactive Python code exercises}},
booktitle = {Proceedings of the 13th Koli Calling International Conference on Computing Education Research},
year = {2013},
pages = {51--58},
organization = {ACM}
}

@article{Wadler:1995ku,
author = {Wadler, Philip},
title = {{Monads for Functional Programming.}},
journal = {Advanced Functional Programming},
year = {1995},
volume = {925},
number = {Chapter 2},
pages = {24--52}
}

@article{Barendregt:1987uq,
author = {Barendregt, H P and van Eekelen, MCJD},
title = {{Term graph rewriting}},
journal = {{\ldots} Conference on Parallel {\ldots}},
year = {1987}
}

@inproceedings{Bjornson:2010jza,
author = {Bjornson, Joel and Tayanovskyy, Anton and Granicz, Adam},
title = {{Composing Reactive GUIs in F{\#} Using WebSharper.}},
booktitle = {Implementation and Application of Functional Programming Languages},
year = {2010},
pages = {203--216},
publisher = {Springer Berlin Heidelberg},
address = {Berlin, Heidelberg}
}

@techreport{Achten:2011ua,
author = {Achten, Peter},
title = {{A Concise Guide to Clean StdEnv}},
institution = {Radboud University},
year = {2011},
address = {Nijmegen},
month = aug
}

@article{Downen:2016th,
author = {Downen, Paul and Maurer, Luke and Ariola, Zena M and Jones, Simon Peyton},
title = {{Sequent calculus as a compiler intermediate language.}},
journal = {ICFP},
year = {2016}
}

@phdthesis{carl1962petri,
author = {Petri, Carl Adam},
title = {{Kommunikation mit Automaten}},
school = {Institut f{\"u}r Instrumentelle Mathematik},
year = {1962},
address = {Bonn}
}

@book{Model:2011wv,
author = {Model, B P},
title = {{Notation (BPMN) version 2.0}},
publisher = {OMG Specification},
year = {2011}
}

@article{PeytonJones:1992uu,
author = {Peyton Jones, Simon L},
title = {{Implementing lazy functional languages on stock hardware: the Spineless Tagless G-machine}},
year = {1992},
pages = {1--87},
month = jul
}

@article{Services:2010us,
author = {Services, End User Computing},
title = {{Initial Experience with a Computational Thinking Course for Computer Science Students}},
year = {2010},
pages = {1--6},
month = dec
}

@article{Granicz:2013we,
author = {Granicz, Adam and Tayanovskyy, Anton and Denuzi{\`e}re, Lo{\"\i}c},
title = {{Experience Report: Developing a Cloud-Based Integrated Development Environment for F{\#} Web and Mobile Applications}},
year = {2013},
pages = {1--15},
month = dec
}

@article{Dolstra:2003kq,
author = {Dolstra, Eelco},
title = {{Integrating Software Construction and Software Deployment.}},
journal = {SCM},
year = {2003},
volume = {2649},
number = {Chapter 8},
pages = {102--117}
}

@article{lister2004multi,
author = {Lister, Raymond and Adams, Elizabeth S and Fitzgerald, Sue and Fone, William and Hamer, John and Lindholm, Morten and McCartney, Robert and Mostr{\"o}m, Jan Erik and Sanders, Kate and Sepp{\"a}l{\"a}, Otto and {others}},
title = {{A multi-national study of reading and tracing skills in novice programmers}},
journal = {ACM SIGCSE Bulletin},
year = {2004},
volume = {36},
number = {4},
pages = {119--150}
}

@book{Anonymous:yH_4l570,
title = {{Applied Semantics}}
}

@book{valcke2010onderwijskunde,
author = {Valcke, Martin},
title = {{Onderwijskunde als ontwerpwetenschap: een inleiding voor ontwikkelaars van instructie en voor toekomstige leerkrachten}},
publisher = {Academia Press},
year = {2010},
address = {Gent}
}

@article{Yang:2016ux,
author = {Yang, Edward and Kilpatrick, Scott and Dreyer, Derek and Peyton Jones, Simon},
title = {{Backpack to Work: Towards Practical Mixin Linking for Haskell}},
year = {2016},
pages = {1--13},
month = apr
}

@article{Anonymous:hbiciln-,
title = {{a_graphical_workflow_editor_for_itask_-_jeroen_henrix}},
year = {2010},
pages = {1--66},
month = aug
}

@article{Anonymous:ZXeua5Nn,
title = {{An extensible strategy language for describing cognitive skills}},
year = {2015},
pages = {1--12},
month = mar
}

@article{PeytonJones:1999jp,
author = {Peyton Jones, Simon L and Ramsey, Norman and Reig, Fermin},
title = {{C--: A Portable Assembly Language that Supports Garbage Collection.}},
journal = {PPDP},
year = {1999},
volume = {1702},
number = {Chapter 1},
pages = {1--28}
}

@article{kolling1999teaching,
author = {K{\"o}lling, Michael},
title = {{Teaching object orientation with the Blue environment}},
journal = {Journal of Object-Oriented Programming},
year = {1999},
volume = {12},
number = {2},
pages = {14--23}
}

@article{Barr:2011dr,
author = {Barr, Valerie and Stephenson, Chris},
title = {{Bringing computational thinking to K-12}},
journal = {ACM Inroads},
year = {2011},
volume = {2},
number = {1},
pages = {48--13},
month = feb
}

@phdthesis{Koopman:1990tr,
author = {Koopman, Pieter W M},
title = {{Functional Programs as Executable Specifications}},
year = {1990},
address = {Nijmegen},
month = dec
}

@article{Florisson:2015us,
author = {Florisson, Mark and Mycroft, Alan},
title = {{Towards a Theory of Packages}},
year = {2015},
pages = {1--27},
month = jun
}

@article{Anonymous:2015be,
title = {{Parametric lenses: change notification for bidirectional lenses}},
year = {2015},
pages = {1--11},
month = mar
}

@inproceedings{duke2000teaching,
author = {Duke, Roger and Salzman, Eric and Burmeister, Jay and Poon, Josiah and Murray, Leesa},
title = {{Teaching programming to beginners-choosing the language is just the first step}},
booktitle = {Proceedings of the Australasian conference on Computing education},
year = {2000},
pages = {79--86},
organization = {ACM}
}

@inproceedings{Anonymous:teqZ3jjC,
author = {Odersky, Martin},
title = {{Functional Nets}},
booktitle = {European Symposium on Programming},
year = {2000},
pages = {1--25},
organization = {{\'E}cole Polytechnique F{\'e}d{\'e}rale de Lausanne}
}

@article{Appel:2002vv,
author = {Appel, Andrew W},
title = {{SSA is Functional Programming}},
year = {2002},
pages = {1--4},
month = oct
}

@article{Tarditi:2004gf,
author = {Tarditi, David and Morrisett, Greg and Cheng, Perry and Stone, Chris and Harper, Robert and Lee, Peter},
title = {{TIL: a type-directed, optimizing compiler for ML}},
journal = {ACM SIGPLAN Notices},
year = {2004},
volume = {39},
number = {4},
pages = {554--567},
month = apr
}

@incollection{Anonymous:7AsCW-ti,
author = {Bruni, Roberto and Melgratti, Hern{\'a}n and Tuosto, Emilio},
title = {{Translating Orc Features into Petri Nets and the Join Calculus}},
booktitle = {Web Services and Formal Methods},
year = {2006},
pages = {123--137},
publisher = {Springer, Berlin, Heidelberg},
address = {Berlin, Heidelberg},
month = sep
}

@book{Koopman:2002vf,
author = {Koopman, Pieter W M and Plasmeijer, Rinus J and van Eekelen, Marko C J D and Smetsers, Sjaak},
title = {{Functional Programming in Clean}},
year = {2002},
address = {Nijmegen},
month = sep
}

@book{Anonymous:jy2fAi1a,
title = {{ACM SIGPLAN Notices}},
publisher = {ACM}
}

@article{duboulay1981black,
author = {du Boulay, Benedict and O'Shea, Tim and Monk, John},
title = {{The black box inside the glass box: Presenting computing concepts to novices}},
journal = {International Journal of Man-Machine Studies},
year = {1981},
volume = {14},
number = {3},
pages = {237--249}
}

@article{Anonymous:qHdaOpe6,
title = {{Introducing Computational Thinking in Education Courses}},
year = {2010},
pages = {1--6},
month = dec
}

@inproceedings{kolling1996object,
author = {K{\"o}lling, Michael and Rosenberg, John},
title = {{An object-oriented program development environment for the first programming course}},
booktitle = {ACM SIGCSE Bulletin},
year = {1996},
pages = {83--87},
organization = {ACM}
}

@book{Anonymous:qreMF-Su,
title = {{Garcia}}
}

@article{Anonymous:caAqcYbN,
title = {{The Practical Guide to Levitation}},
year = {2014},
pages = {1--101},
month = sep
}

@article{VanderAalst:1998gn,
author = {Van der Aalst, WMP},
title = {{The application of Petri nets to workflow management}},
journal = {Journal of circuits},
year = {1998},
volume = {08},
number = {01},
pages = {21--66}
}

@article{Anonymous:eQLx9Au2,
title = {{Scrap Your Zippers}},
year = {2010},
pages = {1--12},
month = oct
}

@article{Anonymous:XDUiFjlt,
title = {{Semantics of an Intermediate Language for Program Transformation}},
year = {2013},
pages = {1--94},
month = may
}

@incollection{Barendsen2016,
author = {Barendsen, Erik and Steenvoorden, Tim},
title = {{Analyzing Conceptual Content of International Informatics Curricula for Secondary Education}},
booktitle = {Informatics in Schools: Improvement of Informatics Knowledge and Perception: 9th International Conference on Informatics in Schools: Situation, Evolution, and Perspectives, ISSEP 2016, M{\"u}nster, Germany, October 13-15, 2016, Proceedings},
year = {2016},
editor = {Brodnik, Andrej and Tort, Fran{\c c}oise},
pages = {14--27},
publisher = {Springer International Publishing},
address = {Cham}
}

@article{robins2003learning,
author = {Robins, Anthony and Rountree, Janet and Rountree, Nathan},
title = {{Learning and teaching programming: A review and discussion}},
journal = {Computer Science Education},
year = {2003},
volume = {13},
number = {2},
pages = {137--172}
}

@phdthesis{vanGroningen:2000ty,
author = {van Groningen, John H G},
title = {{Implementing the ABC-machine on M680x0 based architectures}},
year = {2000},
month = feb
}

@article{Anonymous:Mldc_idJ,
title = {{Freer Monads, More Extensible Effects}},
year = {2015},
pages = {1--12},
month = jul
}

@article{Anonymous:02MXPvkQ,
title = {{Resource-dependent Algebraic Effects}},
year = {2014},
pages = {1--16},
month = jul
}

@book{Marlow:2004gf,
author = {Jones, Simon Peyton and Marlow, Simon},
title = {{Making a fast curry: push/enter vs. eval/apply for higher-order languages}},
publisher = {ACM},
year = {2004},
volume = {39},
series = {push/enter vs. eval/apply for higher-order languages},
month = sep
}

@article{Anonymous:Q2pj2ZPo,
title = {{Type-and-Example-Directed Program Synthesis}},
year = {2015},
pages = {1--12},
month = apr
}

@article{wiedenbeck1999novice,
author = {Wiedenbeck, Susan and Ramalingam, Vennila},
title = {{Novice comprehension of small programs written in the procedural and object-oriented styles}},
journal = {International Journal of Human-Computer Studies},
year = {1999},
volume = {51},
number = {1},
pages = {71--87}
}

@inproceedings{Haas:2017df,
author = {Haas, Andreas and Rossberg, Andreas and Schuff, Derek L and Titzer, Ben L and Holman, Michael and Gohman, Dan and Wagner, Luke and Zakai, Alon and Bastien, J F},
title = {{Bringing the web up to speed with WebAssembly}},
booktitle = {the 38th ACM SIGPLAN Conference},
year = {2017},
pages = {185--200},
publisher = {ACM Press},
address = {New York, New York, USA}
}

@phdthesis{Anonymous:LVLZQZr6,
author = {H{\"a}hne, Ludwig},
title = {{Empirical Comparison of SCons and GNU Make}},
year = {2008},
address = {Technical University Dresden},
month = aug
}

@techreport{Marlow:2010we,
author = {Marlow, Simon},
title = {{Haskell 2010 Language Report}},
year = {2010},
month = nov
}

@incollection{jensen1987coloured,
author = {Jensen, Kurt},
title = {{Coloured petri nets}},
booktitle = {Petri nets: central models and their properties},
year = {1987},
pages = {248--299},
publisher = {Springer}
}

